@article{nugroho2020different,
  author={Nugroho, Yusuf Sulistyo and Hata, Hideaki and Matsumoto, Kenichi},
  title={How different are different diff algorithms in Git?},
  journal={Empirical Software Engineering},
  year={2020},
  volume={25},
  number={1},
  pages={790--823}
}

@article{horwitz1989integrating,
  author={Horwitz, Susan and Prins, Jan and Reps, Thomas},
  title={Integrating noninterfering versions of programs},
  journal={ACM Transactions on Programming Languages and Systems (TOPLAS)},
  year={1989},
  volume={11},
  number={3},
  pages={345--387}
}
